@BOOK{gost89,
	author = "",
	title = "ГОСТ 34.602.89. Информационная технология. Комплекс стандартов на автоматизированные системы.Техническое задание на создание автоматизированной системы",
	address = " - Введ. 01-01-1990 - М.",
	publisher = "Госстандарт России : Изд-во стандартов",
	year = 2016,
	numpages = 11,
}

@BOOK{gost90,
	author = "",
title = "ГОСТ 34.601.90. Информационная технология. Комплекс стандартов на автоматизированные системы. Автоматизированные системы. Стадии создания",
	address = " - Введ. 01-01-1992 - М.",
	publisher = "Госстандарт России : Изд-во стандартов",
	year = 2016,
	numpages = 5,
}

@BOOK{gost92,
	author = "",
	title = "ГОСТ 34.603.92. Информационная технология. Виды испытаний автоматизированных систем",
	address = " - Введ. 01-01-1993 - М.",
	publisher = "Госстандарт России : Изд-во стандартов стандартов",
	year = 2016,
	numpages = 5,
}

@BOOK{gost95,
	author = "",
	title = "ГОСТ 2.114-95. Единая система конструкторской документации. Технические условия",
	address = " - Введ. 01-01-1996 - М.",
	publisher = "Госстандарт России : Изд-во стандартов",
	year = 2016,
	numpages = 12,
}

@BOOK{gost09,
	author = "",
	title = "ГОСТ Р 53736-2009. Изделия электронной техники. Порядок создания и постановки на производство. Основные положения",
	address = " - Введ. 01-01-2011 - М.",
	publisher = "Госстандарт России : Изд-во стандартов",
	year = 2016,
	numpages = 50,
}

@BOOK{sanpin,
	author = "",
	title = "СанПиН 2.2.2/2.4.1340-03. О введении в действие санитарно-эпидемиологических правил и нормативов",
	address = " - Введ. 01-01-2003 - М.",
	publisher = "Федеральный центр гигиены и эпидемиологии Роспотребнадзора",
	year = 2017,
	numpages = 6,
}

@BOOK{norm,
	author = "",
	title = "Требования к оформлению текстовой и графической документации. Нормоконтроль",
	address = " - И.",
	publisher = "ИрГУПС",
	year = 2017,
	numpages = 46,
}
